@Book{xie2015,
  title = {Dynamic Documents with {R} and knitr},
  author = {Yihui Xie},
  publisher = {Chapman and Hall/CRC},
  address = {Boca Raton, Florida},
  year = {2015},
  edition = {2nd},
  note = {ISBN 978-1498716963},
  url = {http://yihui.org/knitr/},
}
@article{ruegg2020genoscape,
  title={A genoscape-network model for conservation prioritization in a migratory bird},
  author={Ruegg, Kristen C and Harrigan, Ryan J and Saracco, James F and Smith, Thomas B and Taylor, Caz M},
  journal={Conservation Biology},
  volume={34},
  number={6},
  pages={1482--1491},
  year={2020},
  publisher={Wiley Online Library}
}
@article{ruegg2021american,
  title={The American Kestrel (Falco sparverius) genoscape: Implications for monitoring, management, and subspecies boundaries},
  author={Ruegg, Kristen C and Brinkmeyer, Michaela and Bossu, Christen M and Bay, Rachael A and Anderson, Eric C and Boal, Clint W and Dawson, Russell D and Eschenbauch, Amber and McClure, Christopher JW and Miller, Karl E and others},
  journal={The Auk},
  volume={138},
  number={2},
  pages={ukaa051},
  year={2021},
  publisher={Oxford University Press US}
}
@article{taylor2010population,
  title={Population dynamics in migratory networks},
  author={Taylor, Caz M and Norris, D Ryan},
  journal={Theoretical Ecology},
  volume={3},
  pages={65--73},
  year={2010},
  publisher={Springer}
}
